@inproceedings{Dijkstra:SOSP:1967,
  author = {Edsger W. Dijkstra},
  title = "{The Structure of the ``THE'' Multiprogramming System}",
  booktitle = {Proceedings of the 1st ACM Symposium on Operating System Principles (SOSP'67)},
  year = {1967},
  month = OCT,
}

@inproceedings{AMD:CDNA3:WhitePaper,
  author = {{AMD}},
  title = "{AMD CDNA 3 Architecture White Paper}",
  booktitle = {AMD White Papers},
  year = {n.d.},
  note = {Available at \url{https://www.amd.com/content/dam/amd/en/documents/instinct-tech-docs/white-papers/amd-cdna-3-white-paper.pdf}}
}

@inproceedings{Aspnes:IPC:Wiki,
  author = {James Aspnes},
  title = "{InterProcessCommunication}",
  booktitle = {Yale University CS Lecture Notes},
  year = {n.d.},
  note = {Available at \url{https://www.cs.yale.edu/homes/aspnes/pinewiki/InterProcessCommunication.html}}
}

@inproceedings{LowLatencyVarianceNoCRouter,
  author = {Authors not specified},
  title = "{A Low Latency Variance NoC Router}",
  booktitle = {Embedded and Multimedia Computing Technology and Service},
  year = {2012},
  pages = {89--97},
  note = {Available at \url{https://link.springer.com/chapter/10.1007/978-94-007-5076-0_10}}
}

@inproceedings{Elbamby:VR:2018,
  author    = {Mohammed S. Elbamby and Cristina Perfecto and Mehdi Bennis and Klaus Doppler},
  title     = "{Towards Low-Latency and Ultra-Reliable Virtual Reality}",
  booktitle = {IEEE Network},
  volume    = {32},
  number    = {2},
  pages     = {78--84},
  year      = {2018},
  month     = mar,
  doi       = {10.1109/MNET.2018.1700268},
  note      = {Available at \url{https://arxiv.org/abs/1801.07587}}
}

@inproceedings{Waterman:RISC-V:2019,
  author    = {Andrew Waterman and Krste AsanoviÄ‡},
  title     = "{The RISC-V Instruction Set Manual, Volume I: User-Level ISA, Document Version 20191214-draft}",
  booktitle = {RISC-V Foundation},
  year      = {2019},
  note      = {Available at \url{https://courses.grainger.illinois.edu/ece391/sp2025/docs/unpriv-isa-20240411.pdf}}
}

@inproceedings{Jia:ATC24:TraplessKprobes,
  author    = {Jinghao Jia and Michael V. Le and Salman Ahmed and Dan Williams and Hani Jamjoom and Tianyin Xu},
  title     = {Fast (Trapless) Kernel Probes Everywhere},
  booktitle = {Proceedings of the 2024 USENIX Annual Technical Conference (USENIX ATC '24)},
  year      = {2024},
  pages     = {379--386},
  publisher = {USENIX Association},
  url       = {https://www.usenix.org/conference/atc24/presentation/jia}
}

@article{Zhao:IoTCommProtocols:2018,
  author    = {Zhenyu Zhao and Wei Yu and Zhiqiang Wei and Zhiqiang Wei},
  title     = {Survey of Communication Protocols for Internet-of-Things and Related Challenges of Fog and Cloud Computing Integration},
  journal   = {arXiv preprint arXiv:1804.01747},
  year      = {2018},
  url       = {https://arxiv.org/abs/1804.01747}
}

